@Article{Peng2016,
  Title                    = {Symplectic Model Reduction of Hamiltonian Systems},
  Author                   = {Peng, Liaian and Mohseni, Kamran},
  Year                     = {2016},

  Url                      = {http://enstrophy.mae.ufl.edu/~mohseni/publications/MyPapers/Liqian_Symplectic_SIAM_2016.pdf}
}
@Book{Eves1980,
  Title                    = {Elementary Matrix Theory},
  Author                   = {Howard Eves},
  Publisher                = {Dover Publication},
  Year                     = {1980},

  Annote                   = {SIGNATUR = 775.512},
  Keywords                 = {FUNDAMENTALS mathematics}
}
