@article{doi:10.1137/17M1111991,
author = {Babak Maboudi Afkham and Jan S. Hesthaven},
title = {Structure Preserving Model Reduction of Parametric Hamiltonian Systems},
journal = {SIAM Journal on Scientific Computing},
volume = {39},
number = {6},
pages = {A2616-A2644},
year = {2017},
doi = {10.1137/17M1111991},

URL = { 
        https://doi.org/10.1137/17M1111991
    
},
eprint = { 
        https://doi.org/10.1137/17M1111991
    
}

}

@book{Marsden:2010:IMS:1965128,
 author = {Marsden, Jerrold E. and Ratiu, Tudor S.},
 title = {Introduction to Mechanics and Symmetry: A Basic Exposition of Classical Mechanical Systems},
 year = {2010},
 isbn = {1441931430, 9781441931436},
 publisher = {Springer Publishing Company, Incorporated},
} 

@book{de2006symplectic,
  title={Symplectic Geometry and Quantum Mechanics},
  author={de Gosson, M.A.},
  isbn={9783764375751},
  lccn={2006046521},
  series={Operator Theory: Advances and Applications},
  year={2006},
  publisher={Birkh{\"a}user Basel}
}

@book{Hairer:1250576,
author = {Hairer, Ernst and Lubich, Christian and Wanner, Gerhard},
title = {{Geometric Numerical Integration: Structure-Preserving Algorithms for Ordinary Differential Equations; 2nd ed.}},
publisher = {Springer},
year = {2006},
address = {Dordrecht}
}

@article{Figotin:2005,
author = {Figotin, Alex and Schenker, Jeffrey H},
title = {Spectral Theory of Time Dispersive and Dissipative Systems},
journal = {Statistical Physics},
year = {2005},
volume = {118},
}

@article{Figotin:2006jy,
author = {Figotin, Alex and Schenker, Jeffrey H},
title = {{Hamiltonian structure for dispersive and dissipative dynamical systems}},
journal = {arXiv.org},
year = {2006},
month = {aug},
annote = {68 pages, 1 figure; introduction revised, typos corrected}
}

@article{doi:10.1137/140978922,
author = {Liqian Peng and Kamran Mohseni},
title = {Symplectic Model Reduction of Hamiltonian Systems},
journal = {SIAM Journal on Scientific Computing},
volume = {38},
number = {1},
pages = {A1-A27},
year = {2016},
doi = {10.1137/140978922},

URL = { 
        https://doi.org/10.1137/140978922
    
},
eprint = { 
        https://doi.org/10.1137/140978922
    
}

}

@book{hesthaven2015certified,
  title={Certified Reduced Basis Methods for Parametrized Partial Differential Equations},
  author={Hesthaven, J.S. and Rozza, G. and Stamm, B.},
  isbn={9783319224701},
  series={SpringerBriefs in Mathematics},
  year={2015},
  publisher={Springer International Publishing}
}

@book{quarteroni2015reduced,
  title={Reduced Basis Methods for Partial Differential Equations: An Introduction},
  author={Quarteroni, A. and Manzoni, A. and Negri, F.},
  isbn={9783319154312},
  lccn={2015930287},
  series={UNITEXT},
  year={2015},
  publisher={Springer International Publishing}
}

@article{lamb:1900,
title = {On a Peculiarity of the Wave-System due to the Free Vibrations of a Nucleus in an Extended Medium},
author = {Lamb, H.},
journal = {Proc. Lond. Math. Soc. XXXII},
year = {1900},
pages = {208-211}
}

@book{bhatia2002stability,
  title={Stability Theory of Dynamical Systems},
  author={Bhatia, N.P. and Szeg{\"o}, G.P.},
  isbn={9783540427483},
  lccn={2001055041},
  series={Classics in Mathematics},
  year={2002},
  publisher={Springer Berlin Heidelberg}
}

@book{Markovsky:2011:LRA:2103589,
 author = {Markovsky, Ivan},
 title = {Low Rank Approximation: Algorithms, Implementation, Applications},
 year = {2011},
 isbn = {1447122267, 9781447122265},
 publisher = {Springer Publishing Company, Incorporated},
} 

@book{strang09,
  address = {Wellesley, MA},
  author = {Strang, Gilbert},
  edition = {Fourth},
  publisher = {Wellesley-Cambridge Press},
  title = {Introduction to Linear Algebra},
  year = 2009
}

@article{Karow:2006cf,
author = {Karow, Michael and Kressner, Daniel and Tisseur, Fran{\c c}oise},
title = {{Structured eigenvalue condition numbers}},
journal = {SIAM Journal on Matrix Analysis and Applications},
year = {2006},
volume = {28},
number = {4},
pages = {1052--1068 (electronic)}
}

@book{da2003introduction,
  title={Introduction to Symplectic and Hamiltonian Geometry},
  author={da Silva, A.C.},
  isbn={9788524401954},
  series={Publica{\c{c}}{\~o}es matem{\'a}ticas},
  year={2003},
  publisher={IMPA}
}

@inproceedings{peng2016geometric,
  title={Geometric model reduction of forced and dissipative Hamiltonian systems},
  author={Peng, Liqian and Mohseni, Kamran},
  booktitle={Decision and Control (CDC), 2016 IEEE 55th Conference on},
  pages={7465--7470},
  year={2016},
  organization={IEEE}
}

@article{vanderSchaft:2014:PST:2693645.2693646,
 author = {van der Schaft, Arjan and Jeltsema, Dimitri},
 title = {Port-Hamiltonian Systems Theory: An Introductory Overview},
 journal = {Found. Trends Syst. Control},
 issue_date = {June 2014},
 volume = {1},
 number = {2-3},
 month = jun,
 year = {2014},
 pages = {173--378},
 publisher = {Now Publishers Inc.},
 address = {Hanover, MA, USA},
 keywords = {Geometric dynamics, Multi-physics systems, Network modeling, Passivity-based control, Port-Hamiltonian systems},
} 

@book{vanderSchaft:1996es,
author = {van der Schaft, Arjan},
title = {{L$_{2}$-gain and passivity techniques in nonlinear control}},
publisher = {Springer-Verlag London, Ltd., London},
year = {1996},
volume = {218},
series = {Lecture Notes in Control and Information Sciences}
}

@article{Willems:1972ek,
author = {Willems, Jan C},
title = {{Dissipative dynamical systems. II. Linear systems with quadratic supply rates}},
journal = {Archive for Rational Mechanics and Analysis},
year = {1972},
volume = {45},
pages = {352--393}
}

@article{Polyuga:2010gj,
author = {Polyuga, Rostyslav V and van der Schaft, Arjan},
title = {{Structure preserving model reduction of port-Hamiltonian systems by moment matching at infinity}},
journal = {Automatica. A Journal of IFAC, the International Federation of Automatic Control},
year = {2010},
volume = {46},
number = {4},
pages = {665--672}
}

@article{Lall:2003iy,
author = {Lall, S and Krysl, P and Marsden, J E},
title = {{Structure-preserving model reduction for mechanical systems}},
journal = {Physica D: Nonlinear Phenomena},
year = {2003}
}

@article{Carlberg:2014ky,
author = {Carlberg, K and Tuminaro, R and Boggs, P},
title = {{Preserving Lagrangian structure in nonlinear model reduction with application to structural dynamics}},
journal = {SIAM Journal on Scientific Computing},
year = {2015},
annote = {Submitted to SIAM Journal on Scientific Computing (SISC)}
}

@incollection{Ito:1998up,
author = {Ito, K and Ravindran, S S},
title = {{A reduced basis method for control problems governed by PDEs}},
booktitle = {Control and estimation of distributed parameter systems (Vorau, 1996)},
year = {1998},
pages = {153--168},
publisher = {Birkh\"auser, Basel}
}

@article{Ito:1998ch,
author = {Ito, K and Ravindran, S S},
title = {{A reduced-order method for simulation and control of fluid flows}},
journal = {Journal of Computational Physics},
year = {1998},
volume = {143},
number = {2},
pages = {403--425}
}

@article{Ito:2001ev,
author = {Ito, K and Ravindran, S S},
title = {{Reduced basis method for optimal control of unsteady viscous flows}},
journal = {International Journal of Computational Fluid Dynamics},
year = {2001},
volume = {15},
number = {2},
pages = {97--113}
}

@incollection{Amsallem:2014ef,
author = {Amsallem, David and Farhat, Charbel},
title = {{On the stability of reduced-order linearized computational fluid dynamics models based on POD and Galerkin projection: descriptor vs non-descriptor forms}},
booktitle = {Reduced order methods for modeling and computational reduction},
year = {2014},
pages = {215--233},
publisher = {Springer, Cham},
address = {Cham}
}

@inproceedings{prajna2003pod,
  title={POD model reduction with stability guarantee},
  author={Prajna, Stephen},
  booktitle={Decision and Control, 2003. Proceedings. 42nd IEEE Conference on},
  volume={5},
  pages={5254--5258},
  year={2003},
  organization={IEEE}
}

@inproceedings{beattie2011structure,
  title={Structure-preserving model reduction for nonlinear port-Hamiltonian systems},
  author={Beattie, Christopher and Gugercin, Serkan},
  booktitle={Decision and Control and European Control Conference (CDC-ECC), 2011 50th IEEE Conference on},
  pages={6564--6569},
  year={2011},
  organization={IEEE}
}

@article{chaturantabut2016structure,
  title={Structure-preserving model reduction for nonlinear port-Hamiltonian systems},
  author={Chaturantabut, Saifon and Beattie, Chris and Gugercin, Serkan},
  journal={SIAM Journal on Scientific Computing},
  volume={38},
  number={5},
  pages={B837--B865},
  year={2016},
  publisher={SIAM}
}

@book{corduneanu1991integral,
  title={Integral equations and applications},
  author={Corduneanu, Constantin},
  volume={148},
  year={1991},
  publisher={Cambridge University Press Cambridge}
}

@article{Salam2014,
author="Salam, A.
and Al-Aidarous, E.",
title="Equivalence between modified symplectic Gram-Schmidt and Householder SR algorithms",
journal="BIT Numerical Mathematics",
year="2014",
volume="54",
number="1",
pages="283--302",
}

@article{Chaturantabut:2010cz,
author = {Chaturantabut, Saifon and Sorensen, Danny C},
title = {{Nonlinear Model Reduction via Discrete Empirical Interpolation}},
journal = {SIAM Journal on Scientific Computing},
year = {2010},
volume = {32},
number = {5},
pages = {2737--2764},
month = jan
}

